@inproceedings{Magalhaes:2010:IDU:1999593.1999626,
 author = {Magalh{\~a}es, Edna and Gomes, Viviane and Rodrigues, Alexandre 
and Santos, Leonardo and Conte, Tayana},
 title = {Impacto Da Usabilidade Na Educa{\c c}{\~a}o a Dist{\^a}ncia: Um Estudo De 
Caso No Moodle IFAM},
 booktitle = {Proceedings of the IX Symposium on Human Factors in Computing 
Systems},
 series = {IHC '10},
 year = {2010},
 location = {Belo Horizonte, Minas Gerais, Brazil},
 pages = {231--236},
 numpages = {6},
 url = {http://dl.acm.org/citation.cfm?id=1999593.1999626},
 acmid = {1999626},
 publisher = {Brazilian Computer Society},
 address = {Porto Alegre, Brazil, Brazil},
 keywords = {Moodle, communicability evaluation, distant education, 
usability evaluation},
}

@misc{Moodle:2014,
author = {Moodle},
  title = {{Moodle - } Modular Object-Oriented Dynamic Learning Environment },
  howpublished = {\url{https://moodle.org/}},
  note = {Acesso em maio 2014},
year = {2014},
}

@article{journals/ce/RomeroVG08,
  added-at = {2009-08-17T00:00:00.000+0200},
  author = {Romero, Crist{\'o}bal and Ventura, Sebasti{\'a}n and Garc{\'i}a, Enrique},
  biburl = 
{http://www.bibsonomy.org/bibtex/2233f3f389524b28d6e2af09eafd5924e/dblp},
  date = {2009-08-17},
  description = {dblp},
  ee = {http://dx.doi.org/10.1016/j.compedu.2007.05.016},
  interhash = {a7818a6492807df5cd64297bb9a2171a},
  intrahash = {233f3f389524b28d6e2af09eafd5924e},
  journal = {Computers \& Education},
  keywords = {dblp},
  number = 1,
  pages = {368-384},
  timestamp = {2009-08-17T00:00:00.000+0200},
  title = {Data mining in course management systems: Moodle case study and 
tutorial.},
  url = {http://dblp.uni-trier.de/db/journals/ce/ce51.html#RomeroVG08},
  volume = 51,
  year = 2008
}

@inproceedings{Oeiras:2006:DDF:1298023.1298032,
 author = {Oeiras, Janne Y. Y. and Freire, Fernanda M. P. and Lachi, 
Ricardo Lu\'{\i}s and da Rocha, Helo\'{\i}sa V.},
 title = {Design De Ferramentas De Comunica{\c c}{\~a}o Baseado Em G{\^e}Neros De 
Discurso},
 booktitle = {Proceedings of VII Brazilian Symposium on Human Factors in 
Computing Systems},
 series = {IHC '06},
 year = {2006},
 isbn = {1-59593-432-4},
 location = {Natal, RN, Brazil},
 pages = {56--65},
 numpages = {10},
 url = {http://doi.acm.org/10.1145/1298023.1298032},
 doi = {10.1145/1298023.1298032},
 acmid = {1298032},
 publisher = {ACM},
 address = {New York, NY, USA},
 keywords = {chat, collaboration, computer mediated communication, 
coordination, distance education, language action},
} 

@article{baker2010data,
  title={Data mining for education},
  author={Baker, RSJD and others},
  journal={International encyclopedia of education},
  volume={7},
  pages={112--118},
  year={2010},
  publisher={Oxford, UK: Elsevier}
}

@ARTICLE{Romero5524021,
author={Romero, C. and Ventura, S.},
journal={Systems, Man, and Cybernetics, Part C: Applications and Reviews, IEEE Transactions on},
title={Educational Data Mining: A Review of the State of the Art},
year={2010},
month={Nov},
volume={40},
number={6},
pages={601-618},
keywords={data mining;educational administrative data processing;educational context;educational data;educational data mining;educational environment;Data analysis;Data mining;Data visualization;Databases;Delta modulation;Educational technology;Electronic learning;Gold;Instruments;Internet;Knowledge acquisition;Learning systems;Least squares approximation;Predictive models;Psychometric testing;Data mining (DM);educational data mining (EDM);educational systems;knowledge discovery},
doi={10.1109/TSMCC.2010.2053532},
ISSN={1094-6977},}

@book{Han:2011:DMC:1972541,
 author = {Han, Jiawei and Kamber, Micheline and Pei, Jian},
 title = {Data Mining: Concepts and Techniques},
 year = {2011},
 isbn = {0123814790, 9780123814791},
 edition = {3rd},
 publisher = {Morgan Kaufmann Publishers Inc.},
 address = {San Francisco, CA, USA},
}

@article{Azeredo:06,
author= {Azeredo, B. F. T. and Behar, P. A. and Reategui, E. B. },
  title = 	 {Indicadores de relev{\^a}ncia para an{\'a}lise de f{\'o}runs de discuss{\~a}o},
  journal=	 {Simp{\'o}sio Brasileiro de Inform{\'a}tica na Educa{\c c}{\~a}o, Rio de Janeiro},
  year = 	 {2012},
}

@article{Gottardo:09,
author= {Gottardo, E. and Kaestner, C. and Noronha, R. V. },
  title = {Previs{\~a}o de Desempenho de Estudantes em Cursos EAD Utilizando Minera{\c c}{\~a}o de Dados: uma Estrat{\'e}gia Baseada em S{\'e}ries Temporais},
  journal=	 {Simp{\'o}sio Brasileiro de Inform{\'a}tica na Educa{\c c}{\~a}o, Rio de Janeiro},
  year = 	 {2012},
}

@book{Witten:2011:DMP:1972514,
 author = {Witten, Ian H. and Frank, Eibe and Hall, Mark A.},
 title = {Data Mining: Practical Machine Learning Tools and Techniques},
 year = {2011},
 isbn = {0123748569, 9780123748560},
 edition = {3rd},
 publisher = {Morgan Kaufmann Publishers Inc.},
 address = {San Francisco, CA, USA},
}

@misc{Pentaho:2014,
author = {Pentaho},
  title = {{Pentaho - } Pentaho Data Integration},
  howpublished = {\url{http://www.pentaho.com/}},
  note = {Acesso em junho 2014},
year = {2014},
}

@misc{Weka:2014,
author = {Weka},
  title = {{Weka - } The University of Waikato},
  howpublished = {\url{http://www.cs.waikato.ac.nz/ml/weka/}},
  note = {Acesso em junho 2014},
year = {2014},
}

@article{Onoda:12,
author= {ONODA, Mauricio. and EBECKEN, Nelson F. F.},
  title = {Implementa{\c c}{\~a}o em Java de um algoritmo de {\'a}rvore de decis{\~a}o acoplado a um SGBD Relacional},
  journal=	 {Simp{\'o}sio Brasileiro de Banco de Dados. XVI.},
  year = 	 {2001},
pages={55-64},
}

@article{Shiba:13,
author= {SHIBA, Marcelo Hiroshi},
  title = {Classifica{\c c}{\~a}o de imagens de sensoriamento remoto pela aprendizagem por {\'a}rvore de decis{\~a}o: Uma avalia{\c c}{\~a}o de desempenho.},
  journal=	 {Anais XII Simp{\'o}sio Brasileiro Remoto},
  year = 	 {2005},
pages={16-21}
}

@INPROCEEDINGS{5942032,
author={Kumar, S. and Gankotiya, A.K. and Dutta, K.},
booktitle={Electronics Computer Technology (ICECT), 2011 3rd International Conference on},
title={A comparative study of moodle with other e-learning systems},
year={2011},
month={April},
volume={5},
pages={414-418},
keywords={computer aided instruction;public domain software;Moodle architecture;e-learning systems;open source learning management;open source software;security services;virtual learning environment;virtual learning management systems;Authentication;Electronic learning;Electronic mail;Internet;Least squares approximation;Protocols;Servers;Authentication plug-ins;Moodle;Moodle Architecture;Open Source Software;Virtual Learning Environment},
doi={10.1109/ICECTECH.2011.5942032},}


@article{Mozzaquatro:15,
author= {Mozzaquatro, M. P. and Medina, D. R.},
  title = {Avalia{\c c}{\~a}o do Ambiente Virtual de Aprendizagem Moodle sob diferentes vis{\~o}es: 
aspectos a considerar },
  journal=	 {Revista Novas Tecnologias na Educa{\c c}{\~a}o},
  year = 	 {2008}
}


@article{Simoes:16,
author= {Sim{\~o}es, P. and Paulo, R.},
  title = 	 {Utiliza{\c c}{\~a}o de t{\'e}cnicas de Aprendizado de M{\'a}quina no reconhecimento de entidades nomeadas no Portugu{\^e}s},
  journal=	 {Revista letr{\^o}nicas do Centro Universit{\'a}rio  e-Xacta,  Belo Horizonte},
  year = 	 {2011},
}

@misc{UFAL:2014,
author = {UFAL},
  title = {Universidade Federal de Alagoas},
  howpublished = {\url{http://www.ufal.edu.br/cied/nucleo-de-tutoria/estrutura-do-nucleo}},
  note = {Acesso em junho 2014},
year = {2014},
}